@Book{xie2015,
  title = {Dynamic Documents with {R} and knitr},
  author = {Yihui Xie},
  publisher = {Chapman and Hall/CRC},
  address = {Boca Raton, Florida},
  year = {2015},
  edition = {2nd},
  note = {ISBN 978-1498716963},
  url = {http://yihui.org/knitr/},
}

@misc{TukeyTukey90,
	author = "Tukey, J.~W. and Tukey, P.",
	title = "Strips {D}isplaying {E}mpirical {D}istributions: 
      I. {T}extured {D}ot {S}trips",
	year = 1990,
	howpublished = "Bellcore Technical Memorandum" }

@book{Scott92, author = "David W Scott", title = "Multivariate
 {D}ensity {E}stimation: {T}heory, {P}ractice, and {V}isualization",
 publisher="John Wiley \& Sons", address="New York", year = 1992}

@INPROCEEDINGS{BMMS91,Author="Buja,~A. and McDonald,~J.~A. and Michalak,~J.
and Stuetzle,~W.",Year=1991, Title="{I}nteractive {D}ata {V}isualization using
{F}ocusing and {L}inking", Editor="Nielson, G. M. and Rosenblum, L.",
Booktitle="{P}roceedings of {V}isualization '91", Publisher="IEEE Computer
Society Press",Address="Los Alamitos, CA", Pages="156--162"}
 
@BOOK{BS95,Author="Bryant, P. G. and Smith, M. A.",
  Year=1995,Title="Practical {D}ata {A}nalysis:
  {C}ase {S}tudies in {B}usiness
  {S}tatistics",Publisher="Richard D. Irwin
  Publishing",Address="Homewood, IL"}

@INCOLLECTION{FALT83, Author="Forina, M. and Armanino, C. and Lanteri,
  S. and Tiscornia, E.", Title="Classification of {O}live {O}ils from
  their {F}atty {A}cid {C}omposition",
  Pages="189--214",Editor="Martens, H. and Russwurm Jr.,
  H.",Year=1983, Booktitle="{F}ood {R}esearch and {D}ata {A}nalysis",
  Publisher="Applied Science Publishers",Address="London"}

@BOOK{MR83,Editor="Martens, H. and Russwurm Jr., H.",Year=1983,
Booktitle="{F}ood {R}esearch and {D}ata {A}nalysis",
Publisher="Applied Science Publishers",Address="London"}

@ARTICLE{CM74,Author="Campbell, N. A. and Mahon,
		  R. J.",Year=1974,Title="A {M}ultivariate {S}tudy of
		  {V}ariation in {T}wo {S}pecies of {R}ock {C}rab of
		  genus {\em Leptograpsus}",Journal="Australian
		  Journal of Zoology",Volume=22, Pages="417--425"}

@ARTICLE{CJKLQ97,Author="Colvin, T. S. and Jaynes, D. B. and Karlen,
D. L. and Laird, D. A. and Ambuel, J. R.",Year=1997,Title="Yield
Variability within a Central Iowa Field",Journal="Transactions of the
ASAE",Volume=40, Pages="883--889"}

@ARTICLE{Lu62,Author="Lubischew, A. A.",Year=1962,
Title="{O}n the {U}se of {D}iscriminant {F}unctions in {T}axonomy",
Journal="Biometrics",Volume="18",Pages="455--477"}

@ARTICLE{CBCH95,Author="Cook, D. and Buja, A. and Cabrera, J. and
Hurley, C.",Year=1995, Title="Grand {T}our and {P}rojection
{P}ursuit", Journal="Journal of Computational and Graphical
Statistics", Volume=4,Number=3,Pages="155--172"}

@article{STLBC03, author = "Deborah~F.~Swayne and Duncan~{Temple Lang}
  and Andreas~Buja and Dianne~Cook", title = "{GG}obi: {E}volving from
  {XG}obi into an {E}xtensible {F}ramework for {I}nteractive {D}ata
  {V}isualization", journal = "Computational Statistics \& Data
  Analysis", volume = 43, year = 2003, pages = "423--444" }

@inproceedings{SBTL04,
  author = "D. F. Swayne and Andreas Buja and D. {Temple Lang}",
  title = "Exploratory Visual Analysis of Graphs in {GG}obi",
  booktitle = "CompStat: Proceedings in Computational Statistics,
    16th Symposium",
  editor = "Jaromir Antoch",
  publisher = "Physica-Verlag",
  year = 2004 }

@ARTICLE{SB98,Author="Swayne, D. and Buja, A.",Year="1998",Title="
     {M}issing {D}ata in {I}nteractive {H}igh-{D}imensional {D}ata
     {V}isualization",Journal="Computational
     Statistics",Volume="13",Number="1",Pages="15--26"}

@article{R1996, author = "Ross Ihaka and Robert Gentleman", title =
    "R: {A} {L}anguage for {D}ata {A}nalysis and {G}raphics", journal
    = "Journal of Computational and Graphical Statistics", volume = 5,
    pages = "299--314", year = 1996 }

@ARTICLE{UHS96,Author="Unwin, A.~R. and Hawkins, G. and Hofmann,
		  H. and Siegl, B.",Year=1996,Title="{I}nteractive
		  {G}raphics for {D}ata {S}ets with {M}issing {V}alues
		  - {MANET}",Journal="Journal of Computational and
		  Graphical
		  Statistics",Volume=5,Number=2,Pages="113--122"}

@ARTICLE{HBCUW91,Author="Haslett, J. and Bradley, R. and Craig, P. and Unwin,
A. and Wills, G.",Year=1991,Title="{D}ynamic {G}raphics for {E}xploring
{S}patial {D}ata with {A}pplication to {L}ocating {G}lobal and {L}ocal
{A}nomalies",Journal="The American
Statistician",Volume=45,Number=3,Pages="234--242"}

@BOOK{Oc1885, Author="d'Ocagne, M.",Year=1885,
  Title="{C}oordonn\'{e}es {P}arall\`{e}les et {A}xiales:
  {M}\'{e}thode de transformation g\'{e}om\'{e}trique et
  proc\'{e}d\'{e} nouveau de calcul graphique d\'{e}duits de la
  consid\'{e}ration des coordonn\'{e}es parall\'{e}les",
  Address="Paris, France",Publisher="Gauthier-Villars"}

@ARTICLE{In85, Author="Inselberg, A.",Year=1985,
Title="{T}he {P}lane with {P}arallel {C}oordinates",
Journal="The Visual Computer",Volume=1,Pages="69--91"}
 
@ARTICLE{We90,Author="Wegman, E.",Year=1990, Title="{H}yperdimensional {D}ata
{A}nalysis {U}sing {P}arallel {C}oordinates", Journal="Journal of American
Statistics Association",Volume=85,Pages="664--675"}

@MISC{FD04,Author="Friendly, M. and Denis,
D.~J.",Year=2004,Title="Milestones in the History of Thematic
Cartography, Statistical Graphics, and Data Visualization
",HowPublished="{\tt
http://www.math.yorku.ca/SCS/Gallery/milestone/}"}

@ARTICLE{As85,Author="Asimov, D.",Year=1985, Title="{T}he {G}rand {T}our: {A}
{T}ool for {V}iewing {M}ultidimensional {D}ata", Journal="SIAM Journal
of Scientific and Statistical Computing",Volume="6",Number="1",
Pages="128--143"}

@BOOK{BG05,Author="Borg, I. and Groenen,
P.~J.~F.",Year=2005,Title="Modern {M}ultidimensional {S}caling",
Publisher="Springer",Address="New York"}

@ARTICLE{BA86b,Author="Buja, A. and Asimov, D.",Year=1986, 
Title="{G}rand {T}our {M}ethods: {A}n {O}utline",
Journal="Computing Science and Statistics",
Volume=17,Pages="63--67"}

@TECHREPORT{BCAH95c,Author="Buja, A. and Cook, D. and Asimov, D. and
Hurley, C.", Year=1997,Title="Dynamic {P}rojections in
{H}igh-{D}imensional {V}isualization: {T}heory and {C}omputational
{M}ethods",Institution="AT\&{T} Labs",Address="Florham Park,
NJ",Note="{\tt http://...}"}

@INCOLLECTION{BCAH05,Year=2005,Author="Buja, A. and Cook, D. and
Asimov, D. and Hurley, C.", Title="{C}omputational {M}ethods for
{H}igh-{D}imensional {R}otations in {D}ata {V}isualization",
booktitle={Handbook of Statistics: Data Mining and Visualization},
Editor = {Rao, C.~R. and Wegman, E.~J. and Solka, J.~L.}, Publisher =
{Elsevier/North-Holland}, Address={Amsterdam, The Netherlands},
Pages="391--414"}

@INCOLLECTION{CLBW06,Year=2006,Author="Cook, D. and Lee, E.-K. and
Buja, A. and Wickham, H.", Title="{G}rand {T}ours, {P}rojection
{P}ursuit {G}uided {T}ours and {M}anual {C}ontrols",
booktitle={Handbook of {D}ata {V}isualization},Editor="Chen, C.-H. and
H{\"{a}}rdle, W. and Unwin, A.",Publisher="Springer",Address="Berlin"}

@BOOK{UHC06,
  Editor="Chen, C.-H. and H{\"{a}}rdle, W. and Unwin, A.",
  Year=2007,
  Title="Handbook of {D}ata {V}isualization",
  Publisher="Springer",Address="Berlin"}

@TECHREPORT{We91,Author="Wegman, E. J.",Year=1991, Title="The {G}rand
{T}our in $k$-{D}imensions",Institution="Center for Computational
Statistics, George Mason University",Type="Technical Report", Number=68}

@INPROCEEDINGS{WPS98,Author="Wegman, E.~J. and Poston, W.~L. and
Solka, J. L.",Year=1998,Title="Image {G}rand
{T}our",BookTitle="Automatic Target Recognition VIII - Proceedings of
SPIE, 3371",Pages="286--294",Publisher="SPIE",Address="Bellingham,
WA",Note="Republished, Vol 6: Automatic Target Recognition. The
CD-ROM, (F. Sadjadi, ed), SPIE: Bellingham, WA, 1999"}

@BOOK{Ti91, Author="Tierney, L.", Year=1991, Title="{L}isp{S}tat: {A}n
{O}bject-{O}rientated {E}nvironment for {S}tatistical {C}omputing and
{D}ynamic {G}raphics", 
 publisher="John Wiley \& Sons", address="New York"}

@ARTICLE{CB95,Author="Cook, D. and Buja, A.",Year=1997,
Title="{M}anual {C}ontrols {F}or {H}igh-{D}imensional {D}ata
{P}rojections", Journal="Journal of Computational and Graphical
Statistics",Volume=6,Number=4,Pages="464--480",Note="Also see 
{\tt www.public.iastate.edu/$\sim$dicook/research/papers/manip.html}."}

@ARTICLE{Ga71,Author="Gabriel, K. R.",Year=1971,Title="The {B}iplot
{G}raphical {D}isplay of {M}atrices with {A}pplications to {P}rincipal
{C}omponent
{A}nalysis",Journal="Biometrika",Volume="58",Pages="453--467"}

@BOOK{Va99,Author="Vapnik, V.~N.",Year=1999,Title="The {N}ature of
{S}tatistical {L}earning {T}heory",Publisher="Springer",
Address="New York"}

@ARTICLE{CV95,Author="Cortes, C. and Vapnik,
V.~N.",Year=1995,Title="Support-{V}ector {N}etworks", journal="Machine
Learning",Volume=20,Number=3,Pages="273--297"}

@inproceedings{BGV92, author = {Bernhard E. Boser and Isabelle
 M. Guyon and Vladimir N. Vapnik}, title = {A {T}raining {A}lgorithm
 for {O}ptimal {M}argin {C}lassifiers}, booktitle = {COLT '92:
 Proceedings of the Fifth Annual Workshop on Computational Learning
 Theory}, year = {1992}, isbn = {0-89791-497-X}, pages = {144--152},
 location = {Pittsburgh, Pennsylvania, United States}, doi =
 {http://doi.acm.org/10.1145/130385.130401}, publisher = {ACM Press},
 address = {New York}, }

@MISC{DHLMW,Author="Dimitriadou, E. and Hornik, K. and Leisch, F. and
Meyer, D. and Weingessel, A.",Year=2006, Title="{\tt e1071}: {M}isc
{F}unctions of the {D}epartment of {S}tatistics, {TU}
{W}ien",HowPublished="{\tt http://www.R-project.org}"}

@MISC{CL,Author="Chang, C.-C. and Lin,
C.-J.",Year=2006,Title="{LIBSVM}: A {L}ibrary for {S}upport {V}ector
{M}achines",HowPublished="{\tt
http://www.csie.ntu.edu.tw/$\sim$cjlin/libsvm}"}

@MISC{Wi06,Author="Wickham, H.",Year=2006, Title="{\tt classifly}:
Classify and {E}xplore a {D}ata {S}et", HowPublished="{\tt
http://www.R-project.org}"}

@MISC{Wi06:ggplot,Author="Wickham, H.",Year=2006, Title="{\tt ggplot}: {A}n
{I}mplementation of the {G}rammar of {G}raphics", HowPublished="{\tt
http://www.R-project.org}"}

@MISC{Wi06:DescribeDisplay,Author="Wickham, H.",Year=2006, Title="{\tt
DescribeDisplay}: {R} {I}nterface to {DescribeDisplay} ({GG}obi
{P}lugin)", HowPublished="{\tt http://www.R-project.org/}"}

@MISC{LSWL06:rggobi,Author="{Temple Lang}, D. and Swayne, D. and
Wickham, H. and Lawrence, M.",Year=2006, Title="{\tt rggobi}: {A}n
{I}nterface between {R} and {GG}obi", HowPublished="{\tt
http://www.R-project.org}"}

@ARTICLE{IHCBASS03,Year=2003,Author="Irizarry, R.A. and Hobbs, B. and
Collin, F. and Beazer-Barclay, Y.D. and Antonellis, K.J. and Scherf,
U. and Speed, T.",Title="Exploration, {N}ormalization, and {S}ummaries
of {H}igh-{D}ensity {O}ligonucleotide {A}rray {P}robe {L}evel {D}ata",
Journal="Biostatistics",Note="To appear"}

@ARTICLE{BIAS03,Year=2003,Author="Bolstad, B.M. and Irizarry, R.A. and
Astrand, M. and Speed, T.",Title="A {C}omparison of
{N}ormalization {M}ethods for {H}igh {D}ensity {O}ligonucleotide
{A}rray {D}ata",
Journal="Bioinformatics",Volume="19",Number="2",Pages="185--193"}

@BOOK{DHLZ02,Author="Diggle, P.~J. and Heagerty, P.~J. and Liang,
K.-Y. and Zeger, S.~L.",Year=2002,Title="Analysis of {L}ongitudinal
{D}ata",Publisher="Oxford University Press",Address="Oxford, UK"}

@BOOK{SW03,Author="Singer, J.~D. and Willett,
J.~B.",Year=2003,Title="Applied {L}ongitudinal {D}ata
{A}nalysis",Publisher="Oxford University Press",Address="Oxford, UK"}

@ARTICLE{Fa99,Author="Faraway, J.~J.",Year=1999,Title="A {G}raphical
{M}ethod of {E}xploring the {M}ean {S}tructure in {L}ongitudinal
{D}ata {A}nalysis",Journal="Journal of Computational and Graphical
Statistics",Volume=8,Number=1,Pages="60--68"}

@ARTICLE{FT74,Author="Friedman, J. H. and Tukey, J. W.",Year=1974,
Title="{A} {P}rojection {P}ursuit {A}lgorithm for {E}xploratory {D}ata
{A}nalysis", Journal="IEEE Transactions on Computing
C",Volume="23",Pages="881--889"}

@ARTICLE{BCS95,Author="Buja, A. and Cook, D. and Swayne, D.",
Year=1996,Title="{I}nteractive {H}igh-{D}imensional {D}ata
{V}isualization",Journal="Journal of Computational and Graphical
Statistics",Volume="5",Number="1",Pages="78--99",Note="See also {\tt www.research.att.com/$\sim$andreas/xgobi/heidel/}"}

@BOOK{Cl93,Title="Visualizing {D}ata",Year=1993,
Author="Cleveland, W. S.",
Publisher="Hobart Press",Address="Summit, NJ"}

@INCOLLECTION{WC93,Author="Wegman, E. J. and Carr, D. B.",Year=1993,
Title="{S}tatistical {G}raphics and {V}isualization", Pages="857--958",
crossref="Rao93"}

@BOOK{Rao93,Editor="Rao, C. R.", Year=1993,
Title="{H}andbook of {S}tatistics, {V}ol.\ 9",
Publisher="Elsevier Science Publishers", Address="Amsterdam, The Netherlands"}

@BOOK{JW02,Author="Johnson, R. A. and Wichern, D. W.",Year=2002,
Title= "Applied Multivariate Statistical Analysis (5th ed)",
Publisher="Prentice-Hall", Address="Englewood Cliffs, NJ"}

@ARTICLE{CBCH94,Author="Cook, D. and Buja, A. and Cabrera, J. and
Hurley, C.",Year=1995, 
Title="Grand {T}our and {P}rojection {P}ursuit",
Journal="Journal of Computational and Graphical Statistics",
Volume=4,Number=3,Pages="155--172"}

@BOOK{PGIZ03,Author="Parmigiani, G and Garrett, Elizabeth S. and
Irizarry, R. A. and Zeger, S. L.",Year=2003, Title= "The Analysis of
Gene Expression Data", Publisher="Springer", Address="New York"}

@BOOK{Sp03,Author="Speed, T. P.",Year=2003,
Title= "Statistical Analysis of Gene Expression Microarray Data",
Publisher="Chapman and Hall/CRC", Address="London"}

@BOOK{CH90,Author="Crowder, M.~J. and Hand, D.~J.",Year=1990,
Title="Analysis of Repeated Measures", Publisher="Chapman and
Hall",Address="London"}

@ARTICLE{SK98,Author="Swayne, D.~F. and Klinke, S.",Year=1998,
		  Title="Editorial Commentary", Journal="Computational
		  Statistics: Special Issue on The Use of Interactive
		  Graphics",Volume=14,Number=1}

@ARTICLE{UHW02,Author="Unwin, A. and Hofmann, H. and Wilhelm,
A.",Year="2002",Title="Direct {M}anipulation {G}raphics for {D}ata
{M}ining",Journal="Journal of Image and
Graphics",Volume=2,Number=1,Pages="49--65"}

@ARTICLE{KS96, author = "Martin A. Koschat and Deborah F. Swayne",
    title = "Interactive {G}raphical {M}ethods in the {A}nalysis of
    {C}ustomer {P}anel {D}ata (with discussion)", journal = "Journal
    of Business and Economic Statistics", volume = 14, number = 1,
    pages = "113--132", month = "January", year = 1996}

@ARTICLE{BujaKS96, AUTHOR={Buja, Andreas}, TITLE={Interactive
 {G}raphical {M}ethods in the {A}nalysis of {C}ustomer {P}anel {D}ata:
 {C}omment}, JOURNAL={Journal of Business \& Economic Statistics},
 YEAR=1996, VOLUME={14}, NUMBER={1}, PAGES={128-129}, MONTH={January},
 }
 
@ARTICLE{SRLLDCC00,Author="Sutherland, P. and Rossini, A. and Lumley,
		  T. and Lewin-Koh, N. and Dickerson, J. and Cox,
		  Z. and Cook, D.",Year=2000,Title="Orca: {A}
		  {V}isualization {T}oolkit for {H}igh-{D}imensional
		  {D}ata",Journal="Journal of Computational and
		  Graphical
		  Statistics",Volume="9",Number="3",Pages="509--529"}

@book{Good05,Author="Good, Phillip",Year="2005",
  title={Permutation, {P}arametric, and {B}ootstrap {T}ests of {H}ypotheses},
  Publisher="Springer",Address="New York"}

@ARTICLE{Tu65,Author="Tukey, J.~W.",Year=1965,Title="The {T}echnical
{T}ools of {S}tatistics",journal="The American
Statistician",Volume="19",Pages="23--28"}

@BOOK{HTF01,Author="Hastie, T. and Tibshirani, R. and Friedman, J.",
  Year="2001",Title="The {E}lements of {S}tatistical
  {L}earning",Publisher="Springer",Address="New York"}

@ARTICLE{JS87,Author="Jones, M. C. and Sibson, R.",Year=1987, Title="{W}hat is
{P}rojection {P}ursuit? (with discussion)", Journal="Journal of the Royal
Statistical Society, Series A",Volume="150",Pages="1--36"}

@ARTICLE{Hu85,Author="Huber, P. J.",Year=1985, Title="{P}rojection {P}ursuit
(with discussion)",Journal="Annals of Statistics",
Volume="13",Pages="435--525"}

@INCOLLECTION{Jo99,Author={Joachims, T.},Year=1999, title={Making
  {L}arge-{S}cale {SVM} {L}earning {P}ractical}, booktitle={Advances
  in Kernel Methods-Support Vector Learning}, Editor="Sch{\"{o}}lkopf,
  B. and Burges, C. and Smola, A.",Publisher={MIT
  Press},Address={Cambridge, MA}}

@BOOK{SBS99,Editor="Sch{\"{o}}lkopf, B. and Burges, C. and Smola, A.",
Year=1999,BookTitle={Advances in Kernel Methods-Support Vector Learning},
Publisher={MIT Press}}

@ARTICLE{Fi38,Author="Fisher, R.~A.",Year="1938",Title="The
{S}tatistical {U}tilization of {M}ultiple {M}easurements",
Journal="Annals of Eugenics",Volume=8,Pages="376--386"}

@ARTICLE{Fi36,Author="Fisher, R.~A.",Year="1936",Title="The
{U}se of {M}ultiple {M}easurements in {T}axonomic {P}roblems",
Journal="Annals of Eugenics",Volume=7,Pages="179--188"}

@ARTICLE{LCKL04,Author="Lee, E.~K. and Cook, D. and Klinke, S. and
Lumley, T.",Year=2005,Title="Projection {P}ursuit for {E}xploratory
{S}upervised {C}lassification",
Journal="Journal of Computational and Graphical Statistics",
Volume=14,Number="4",Pages="831--846"}

@ARTICLE{Po92,Author="Posse, C.",Year=1992,Title="Projection {P}ursuit
{D}iscriminant {A}nalysis for {T}wo {G}roups",Journal="Communications in
Statistics, Part A -- Theory and Methods",Volume=21,Pages="1--19"}

@ARTICLE{Po95,Author="Polzehl, J{\"o}rg",Year=1995,Title="Projection
{P}ursuit {D}iscriminant {A}nalysis",Journal="Computational Statistics
and Data Analysis",Volume=20,Pages="141--157"}

@BOOK{BFOS84,Author="Breiman, L. and Friedman, J. and Olshen, C. and
Stone, C.",Year=1984,Title="Classification and {R}egression {T}rees",
Publisher="Wadsworth and Brooks/Cole",Address="Monterey, CA"}

@MISC{Cu04,Author="Breiman, L. and Cutler, A.",Year="2004",
Title="Random {F}orests",
HowPublished="{\tt http://www.math.usu.edu/$\sim$adele/forests/cc\_home.htm}"}

@MISC{Li06,Author="Liaw, A. and Wiener, M. and Breiman, L. and Cutler,
  A.",Year="2006",Title="{\tt randomForest}: {B}reiman and {C}utler's
  {R}andom {F}orests for {C}lassification and {R}egression",
  HowPublished="{\tt http://www.R-project.org}"}

@ARTICLE{Br01,Author="Breiman, L.",Year="2001",Title="Random
{F}orests",Journal="Machine
Learning",Volume="45",Number="1",Pages="5--32"}

@Manual{R03,
     title        = {R: A language and environment for
                     statistical computing},
     author       = {{R Development Core Team}},
     organization = {R Foundation for Statistical Computing},
     address      = {Vienna, Austria},
     year         = 2003,
     note         = {ISBN 3-900051-00-3},
     url          = {http://www.R-project.org}
   }

@ARTICLE{WWS99,
 Author="Wilhelm, A.~F.~X. and Wegman, E.~J. and Symanzik, J.",
 Year=1999,
 Title="Visual {C}lustering and {C}lassification: {T}he {O}ronsay {P}article {S}ize {D}ata {S}et {R}evisited",
 Journal="Computational Statistics: Special Issue on Interactive Graphical Data Analysis",Volume=14,Number=1,Pages="109--146"}

@ARTICLE{FR02,Author="Fraley, C. and Raftery,
A.~E.",Year="2002",Title="Model-based {C}lustering, {D}iscriminant
{A}nalysis, {D}ensity {E}stimation",Journal="Journal of the American
Statistical Association",Volume="97",Pages="611--631",Notes="See also
{\tt http://www.stat.washington.edu/mclust}"}

@ARTICLE{TF95,Author="Tarpey, T. and Li, L. and Flury,
B.",Year="1995",Title="Principal Points and Self--Consistent Points of
Elliptical Distributions",Journal="The Annals of
Statistics",Volume="23",Pages="103--112"}

@BOOK{Ev01,Author="Everitt, B.~S. and Landau, S. and Leese,
M.",Year="2001",Title="Cluster {A}nalysis (4th ed)",Publisher="Edward
Arnold",Address="London"}

@ARTICLE{DFS02,Author="Dudoit, S. and Fridlyand, J. and Speed, T.",
Year="2002",Title="Comparison on {D}iscrimination {M}ethods for the
{C}lassification of {T}umors {U}sing {G}ene {E}xpression
{D}ata",Journal="Journal of the American Statistical
Association",Volume=97,Pages="77--87"}

@ARTICLE{Cl79,Author="Cleveland, W.~S.",Year="1979",Title="Robust
{L}ocaly {W}eighted {R}egression and {S}moothing
{S}catterplots",Journal="Journal of American Statistics
Association",Volume="74",Pages="829-836"}

@inProceedings{PB03, author = "T. Prvan and A. W. Bowman", title =
"Nonparametric time dependent principal components analysis.", journal
= "ANZIAM J.", volume = "44", pages = "C627--C643", year = 2003,
booktitle = "Proc. of 10th Computational Techniques and Applications
Conference CTAC-2001", editor = "K. Burrage and Roger B. Sidje", month
= apr, note = "{\tt http://anziamj.austms.org.au/V44/CTAC2001/Prva}
[April 1, 2003]", keywords = "principal component analysis,
nonparametric time dependent, data mining, aircraft development data",
}

@ARTICLE{BW00,Author="Bowman, A.~W. and Wright,
E.~M.",Year="2000",Title="Graphical {E}xploration of {C}ovariate
{E}ffects on {S}urvival {D}ata {T}hrough {N}onparametric {Q}uantile
{C}urves",Journal="Biometrics",Volume="56",Pages="563--570"}

@BOOK{EC00,Author="Elder, J.~J. and Conger,
R.~D.",Year="2000",Title="Children of the {L}and",Publisher="The
University of Chicago Press", Address="Chicago"}


@ARTICLE{Fr87,Author="Friedman, J. H.",Year=1987,
Title="{E}xploratory {P}rojection {P}ursuit",
Journal="Journal of American Statistical Association",
Volume="82",Pages="249--266"}

@ARTICLE{Ha89,Author="Hall, P.",Year=1989,
Title="{P}olynomial {P}rojection {P}ursuit",
Journal="Annals of Statistics",Volume="17",Pages="589--605"}

@TECHREPORT{Mo89,Author="Morton, S. C.",Year=1989,
Title="{I}nterpretable {P}rojection {P}ursuit",Number="106",
Institution="Laboratory for Computational Statistics, Stanford University"}

@ARTICLE{CBC93,Author="Cook, D. and Buja, A. and Cabrera, J.",Year=1993,
Title="{P}rojection {P}ursuit {I}ndexes {B}ased on {O}rthonormal {F}unction
{E}xpansions",Journal="Journal of Computational and Graphical
Statistics",Volume=2,Number=3,Pages="225--250"}

@ARTICLE{Po94,Author="Posse, C.",Year=1995, Title="Tools for
{T}wo-dimensional {P}rojection {P}ursuit", Journal="Journal of
Computational and Graphical Statistics", Volume="4",Number=2,Pages="83--100"}

@ARTICLE{DF84,Author="Diaconis, P. and Freedman, D.",Year=1984,
Title="{A}symptotics of {G}raphical {P}rojection {P}ursuit",
Journal="Annals of Statistics",Volume="12",Pages="793--815"}

@ARTICLE{AGW71,Author="Andrews, D. F. and Gnanadesikan, R. and Warner, J. L.",
Year=1971,Title="{T}ransformations of {M}ultivariate {D}ata",
Journal="Biometrics",Volume=27,Pages="825--840"}

@ARTICLE{An72,Author="Andrews, D. F.",Year=1972,
Title="{P}lots of {H}igh-dimensional {D}ata",Journal="Biometrics",
Volume=28,Pages="125--136"}

@INPROCEEDINGS{AWS91,Year=1991,Author="Ahlberg, C. and Williamson,
C. and Shneiderman, B.",Title="Dynamic {Q}ueries for {I}nformation
{E}xploration: {A}n {I}mplementation and {E}valuation", Booktitle="ACM
CHI `92 Conference Proceedings",Address="New York",Publisher="Association
of Computing Machinery", Pages="619--626",Note="See also {\tt
http://www.cs.umd.edu/hcil/pubs/tech-reports.shtml}"}

@ARTICLE{BeCS96,Author="Becker, R. and Cleveland, W.~.S and Shyu, M-J.",
Year=1996,Title="{T}he {V}isual {D}esign and {C}ontrol of
{T}rellis {D}isplays",Journal="Journal of Computational and Graphical
Statistics",Volume="6",Number="1",Pages="123--155"}

@INCOLLECTION{BAHM88,Author="Buja, A. and Asimov, D. and Hurley, C. and 
McDonald, J. A.",Year=1988, 
Title="{E}lements of a {V}iewing {P}ipeline for {D}ata {A}nalysis",
crossref="CM88",Pages="277--308"}

@INCOLLECTION{BC87,Author="Becker, R.~A. and Cleveland,
W.~S.",Year=1988, Title="{B}rushing {S}catterplots",
Editor="Cleveland, W.~S. and McGill, M.~E.",Booktitle="Dynamic
Graphics for Statistics",Publisher="Wadsworth",Address="Monterey,
CA",Pages="201--224"}

@BOOK{CM88,Title="Dynamic Graphics for Statistics",
Booktitle="Dynamic Graphics for Statistics",Year=1988,
Editor="Cleveland, W.~S. and McGill, M.~E.",
Publisher="Wadsworth",Address="Monterey, CA"}

@BOOK{VR02,Author="Venables, W. N. and Ripley, B.",Year=2002,
Title="Modern {A}pplied {S}tatistics with {S}",
Publisher="Springer-Verlag",Address="New York"}

@BOOK{Ri96,Author="Ripley, B.",Year=1996,Title="Pattern {R}ecognition
		  and {N}eural {N}etworks",Publisher="Cambridge
		  University Press",Address={Cambridge}}

@ARTICLE{CT94,Year=1994,Author="Cheng, B. and Titterington,
M.",Title="Neural {N}etworks: {A} {R}eview from a {S}tatistical
{P}erspective",Journal="Statistical
Science",Volume=9,Number=1,Pages="2--30"}

@Manual{CL01,
  author =	 {Chih-Chung Chang and Chih-Jen Lin},
  title =	 {{LIBSVM}: a library for support vector machines},
  year =	 {2001},
  note =	 {Software available at \url{http://www.csie.ntu.edu.tw/~cjlin/libsvm}}
}

@ARTICLE{LCKL05,Year=2005,Author="Lee, Eun-Kyung and Cook, Dianne and
Klinke, Sigbert and Lumley, T.",Title="{P}rojection {P}ursuit for
{E}xploratory {S}upervised {C}lassification",Journal="Journal of
Computational and Graphical
Statistics",Volume=14,Number=4,Pages="831--846"}

@BOOK{Bi06,Year=2006,Author="Bishop, C.~M.",Title="Pattern
{R}ecognition and {M}achine
{L}earning",Publisher="Springer",Address="New York"}

@INPROCEEDINGS{DSP05,Year=2005,Author="Dasu, T. and Swayne, D.~F. and
Poole, D.",Title="Grouping {M}ultivariate {T}ime {S}eries: A {C}ase
{S}tudy", Booktitle="Proceedings of the IEEE Workshop on {T}emporal
{D}ata {M}ining: {A}lgorithms, {T}heory and {A}pplications, in
conjunction with the Conference on Data Mining, Houston, November 27,
2005",Publisher="IEEE Computer Society",Pages="25--32",Note="See also {\tt
http://www.cs.fiu.edu/~taoli/workshop/TDM2005/TDM-proceedings.pdf}"}

@BOOK{Ko01,Year=2001,Author="Kohonen, T.",Title="Self-{O}rganizing
{M}aps (3rd ed)",Publisher="Springer", Address="Berlin"}

@article{FB94, author = "George W. Furnas and Andreas Buja", title =
"Prosection {V}iews: {D}imensional {I}nference {T}hrough {S}ections
and {P}rojections", journal = "Journal of Computational and Graphical
Statistics", volume = "3", number = "4", pages = "323--385", year =
"1994" }

@BOOK{LR87,Author="Little, R.~J.~A. and Rubin,
D.~B.",Year=1987,Title="Statistical {A}nalysis with {M}issing
{D}ata", publisher="John Wiley \& Sons", address="New York"}

@BOOK{Sh97,Author="Schafer, J.~L.",Year=1997,Title="Analysis of
{I}ncomplete {M}ultivariate {D}ata",Publisher="Chapman and
Hall",Address="London"}

@MISC{NS06,Author="Novo, A.~A. and Schafer, J.",Year=2006,title="{\tt
norm}: Analysis of {M}ultivariate {N}ormal {D}atasets with {M}issing
{V}alues",HowPublished="{\tt http://www.R-project.org}"}

@MISC{Ha06,Author="Dupont, C. and Harrell,
F.~E.",Year=2006,title="{\tt Hmisc}: {H}arrell
{M}iscellaneous",HowPublished="{\tt http://www.R-project.org}"}

@MISC{statlib, 
 Author="Vlachos, Pantelis", Year=2006,
 Title="Stat{L}ib: {D}ata, {S}oftware and {N}ews from the {S}tatistics {C}ommunity", 
 HowPublished="{\tt http://lib.stat.cmu.edu/datasets/}"}

@BOOK{FH91,Author="Fleming, T.~R. and Harrington,
D.~P.",Year=1991,Title="Counting {P}rocesses and {S}urvival {A}nalysis",
publisher="John Wiley \& Sons", address="New York"}

@MISC{BioC06,Author="Bioconductor",Year=2006,title="{O}pen {S}ource
{S}oftware for {B}ioinformatics",HowPublished="{\tt
http://www.bioconductor.org}"}

@MISC{Ligges06,Author="Ligges, U.", Year=2006, 
 title="{\tt tuneR}: {A}nalysis of {M}usic", 
 HowPublished="{\tt http://www.R-project.org}"}

@inproceedings{LSDB92, 
author = "Michael L Littman and Deborah F Swayne and Nathaniel Dean and Andreas Buja", 
title = {Visualizing the {E}mbedding of {O}bjects in {E}uclidean {S}pace}, 
booktitle = "Computing Science and Statistics: Proceedings of the 24th
    Symposium on the Interface", 
publisher = "Interface Foundation of North America, Inc.", 
address = "Fairfax Station, VA", 
pages = "208--217", year = 1992 }

@article{GThom93,
  author = "Georgia L. Thompson",
  year = "1993",
  title = "Generalized {P}ermutation {P}olytopes and {E}xploratory {G}raphical {M}ethods for {R}anked {D}ata",
  journal = "The Annals of Statistics",
  volume = "21",
  pages = "1401--1430"}

@article{GanNor00, author = "Emden R. Gansner and Stephen C. North",
    title = "An {O}pen {G}raph {V}isualization {S}ystem and its
    {A}pplications to {S}oftware {E}ngineering", journal = "Soft\-ware ---
    Prac\-tice and Experience", volume = "30", number = "11", pages =
    "1203--1233", year = "2000"}

@book{DiBETT98, title = "Graph Drawing: Algorithms for the
 Visualization of Graphs", author = "Giuseppe {Di Battista} and Peter
 Eades and Roberto Tamassia and Ioannis G. Tollis", publisher =
 "Prentice Hall", Address="Englewood Cliffs, NJ",year = "1998"}

@article{BatTam94,
  author = "Giuseppe {Di Battista} and Peter Eades and Roberto Tamassia and Ioannis Tollis",
  title = "Algorithms for drawing graphs: an annotated bibliography",
  journal = "Computational Geometry: Theory and Applications",
  volume = "4",
  pages = "235--282", 
  year = "1994"}

@book{Wasserman94,
  title = "Social Network Analysis: Methods and Applications",
  author = "Stanley Wasserman and Katherine Faust",
  publisher = "Cambridge University Press",
  Address={Cambridge},
  year = "1994"
}

@article{Padgett93,
  title = "Robust {A}ction and the {R}ise of the {M}edici, 1400-1434",
  author = "John F. Padgett and Christopher K. Ansell",
  journal = "American Journal of Sociology", 
  volume = "98",
  pages = "1259--1319", 
  year = "1993"
}

@article{BreigerPattison86,
  title = "Cumulated {S}ocial {R}oles: The {D}uality of {P}ersons and their {A}lgebras",
  year = "1986",
  author = "R. Breiger and P. Pattison",
  journal = "Social Networks", 
  volume = "8", pages = "215--256"}

@book{Kent78,
  title = "The {R}ise of the {M}edici: {F}action in {F}lorence, 1426-1434",
  author = "D. Kent",
  year = "1978",
  publisher = "Oxford University Press",
  address = "Oxford, UK"}

@MISC{SNAData,Author="Denise Scholtens",Year=2006,title="{SNAD}ata",
HowPublished="{\tt http://www.bioconductor.org}"}

@book{Unwin06,
  title={Graphics of {L}arge {D}atasets: {V}isualizing a {M}illion},
  publisher={Springer},
  address={Berlin},
  author={Unwin, Antony and Theus, Martin and Hofmann, Heike},
  year={2006}}

@book{Young06,
  title={Visual {S}tatistics: {S}eeing {D}ata with {D}ynamic {I}nteractive {G}raphics},
  author={Young, Forrest W. and Valero-Mora, Pedro M. and Friendly, Michael},
  year={2006},
  publisher="John Wiley \& Sons", address="New York"}
@book{Wilkinson05,
  author={Wilkinson, Leland},
  title={The Grammar of Graphics},
  publisher={Springer},
  address={New York},
  year={2005}}
@book{Spence07,
  title={Information Visualization: Design for Interaction},
  author={Robert Spence},
  Publisher={Prentice Hall},
  year={2007}}
@book{CMS99,
  title={Readings in Information Visualization},
  author={Card, Stuart K. and Mackinlay, Jock D. and Schneiderman, Ben},
  year={1999},
  publisher={Morgan Kaufmann Publishers},
  address={San Francisco, CA}}
@book{BS03,
  title={The Craft of Information Visualization: Readings and Reflections},
  author={Bederson, Benjamin B. and Schneiderman, Ben},
  year={2003},
  publisher={Morgan Kaufmann},address={San Diego, CA}}
@incollection{Symanzik04,
  author={Symanzik, J\"urgen},
  year=2004,
  title={Interactive and {D}ynamic {G}raphics},
  pages={293--336},
  booktitle={Handbook of Computational Statistics: Concepts and Methods},
  editor={Gentle, James E. and H\"ardle, Wolfgang and Mori, Yuichi},
  publisher={Springer},
  address={New York}}
@book{Gentle04,
  title={Handbook of Computational Statistics: Concepts and Methods},
  editor={Gentle, James E. and H\"ardle, Wolfgang and Mori, Yuichi},
  publisher={Springer},
  address={New York},
  year={2004}}
@book{Tufte83,
  author={Edward Tufte},
  title={The Visual Display of Quantitative Information},
  publisher={Graphics Press}, 
  address={Cheshire, CT},
  year={1983}}  
@book{Tufte90,
  author={Edward Tufte},
  title={Envisioning Information},
  publisher={Graphics Press}, 
  address={Cheshire, CT},
  year={1990}}  
@book{Ford92,
  author={Brian J. Ford},
  title={Images of Science: A History of Scientific Illustration},
  publisher={The British Library},
  address={London},
  year={1992}}.

@misc{FrDe,Year=2006,Author="Friendly, M. and Denis,
D.~J.",Title="{G}raphical {M}ilestones",
HowPublished="{\tt http://www.math.yorku.ca/SCS/Gallery/milestone}"}

@book{Wa00,Author="Wainer, H.", Year=2000, Title="Visual {R}evelations
(2nd ed)", Publisher="LEA, Inc", Address="Hillsdale, NJ"}

@book{WS05a,Author="Wainer, H. and Spence,
I. (eds)",Year=2005,Title="The {C}ommercial and {P}olitical {A}tlas,
{R}epresenting, by means of {S}tained {C}opper-{P}late {C}harts, {T}he
{P}rogress of the {C}ommerce, {R}evenues, {E}xpenditure, and {D}ebts
of {E}ngland, during the whole of the {E}ighteenth {C}entury, by
{W}illiam {P}layfair",Publisher="Cambridge University
Press",Address="New York"}

@book{WS05b,Author="Wainer, H. and Spence,
I. (eds)",Year=2005,Title="The {S}tatistical {B}reviary; {S}hewing on a
{P}rinciple entirely new, the resources of every state and kingdom in
{E}urope; illustrated with {S}tained {C}opper-{P}late {C}harts,
representing the physical powers of each distinct nation with ease and
perspicuity by {W}illiam {P}layfair",Publisher="Cambridge University
Press",Address="New York"}

@book{W05,Year=2006, Title = {Handbook of {S}tatistics: {D}ata
	{M}ining and {V}isualization}, Editor = {Rao, C.~R. and
	Wegman, E.~J. and Solka, J.~L.}, Publisher =
	{Elsevier/North-Holland}, Address={Amsterdam, The
	Netherlands}}

@book{Wa78,
	Address = {New York},
	Title = {{G}raphical {R}epresentation of {M}ultivariate {D}ata},
	Editor = {Wang, P. C. C.},
	Publisher = {Academic Press},
	Year = 1978}

@book{BT91,
	Address = {New York},
	Editor = {Buja, A. and Tukey, P.},
	Publisher = {Springer-Verlag},
	Title = {Computing and {G}raphics in {S}tatistics},
	Year = 1991}

@book{haerdle,Address = {Berlin},Editor = {{Chun-houh} Chen and Wolfgang
H\"ardle and Antony Unwin},Publisher = {Springer},Title = {Handbook of
Computational Statistics (Volume III) Data Visualization},Year = 2006}

@BOOK{Murrell2005,
  AUTHOR = {Paul Murrell},
  TITLE = {R Graphics},
  PUBLISHER = {Chapman \& Hall/CRC},
  YEAR = 2005,
  ADDRESS = {Boca Raton, FL},
}
@BOOK{Dalgaard2002,
  AUTHOR = {Peter Dalgaard},
  TITLE = {Introductory Statistics with {R}},
  YEAR = 2002,
  PUBLISHER = {Springer},address={New York}}
}

@BOOK{Bonneau2006,
  title = {Scientific Visualization: The Visual Extraction of Knowledge from Data},
  editor = {{Georges-Pierre} Bonneau and Thomas Ertl and Gregory M. Nielson},
  year = {2006},
  publisher = {Springer},
  address = {New York},
}

@book{Hansen2004,
  title = {Visualization Handbook},
  author = {Charles Hansen and Chris R. Johnson},
  year = {2004},
  publisher = {Academic Press},
  address = {Orlando, FL}}

@book{BC84,
  title = {{S}: An Environment for Data Analysis and Graphics},
  author = {Richard A. Becker and John M. Chambers},
  year = {1984},
  publisher = {Wadsworth},
  address = {Belmont, CA}}
  
@book{VeVe85,
    author = "Paul F Velleman and A Y Velleman",
    title = "Data Desk Handbook",
    publisher ="Data Description, Inc",
    year = 1985,
    address = "Ithaca, NY" }

@book{Mc77,Author="McNeil, D.",Year=1977,Title="Interactive {D}ata
{A}nalysis",  publisher="John Wiley \& Sons", address="New York"}

@misc{SYSTAT84,
 title = {{SYSTAT}: The {S}ystem for {S}tatistics},
 author = {Wilkinson, Leland},
 year = {1984},
 howpublished = {SYSTAT, Inc., Evanston, IL}}

@misc{SPSS68,
 title = {{SPSS}: {S}tatistical {P}ackage for the {S}ocial {S}ciences},
 author = {Nie, H. H. and Jenkins, J. G. and Steinbrenner, K. and Bent, D. H.},
 year = {1975}, howpublished = {SPSS, Inc., Chicago, IL}}

@book{GH96,Author="Gower, J.~C. and Hand,
D.~J.",Year=1996,Title="Biplots",Publisher="Chapman and
Hall",Address="London"}

@techreport{CWL96,Author="Carr, D.~B. and Wegman, E.~J. and Luo,
Q.",Year=1996,Title="Explor{N}: {D}esign {C}onsiderations {P}ast and
{P}resent",Institution="Center for Computational Statistics, George
Mason University",Address="Fairfax, VA", Type="Technical
Report",Number=129}

@book{LMGR05,Author={Longley, P.~A. and Maguire, D.~J. and Goodchild,
M.~F. and Rhind, D.~W},Year=2005,Title={Geographic Information Systems
and Science},publisher="John Wiley \& Sons", address="New York"}

@book{MB03,Author="Maindonald, J. and Braun, J.",Year=2003,Title={Data
Analysis and Graphics using R - An Example-based
Approach},Publisher={Cambridge University Press},Address={Cambridge}}

@article{Theus02,
  author = {Martin Theus}, year = 2002,
  title = {Interactive {D}ata {V}isualization {U}sing {M}ondrian},
  journal = {Journal of Statistical Software}, volume=7, number=11,
  pages={{\tt http://www.jstatsoft.org}}}

@article{THW98, author = {Theus, M. and Hofmann, H. and Wilhelm,
  A.F.X.}, year= {1998}, title = {Selection {S}equences --
  {I}nteractive {A}nalysis of {M}assive {D}ata {S}ets}, journal =
  {Computing Science and Statistics}, volume = {29}, number = {1},
  pages = {439--444}}

@inproceedings{iPlots03,
  author = {Simon Urbanek and Martin Theus}, year = {2003},
  title = {{iPlots}: {H}igh {I}nteraction {G}raphics for {R}},
  editor = {Kurt Hornik and Friedrich Leisch and Achim Zeileis},
  booktitle = {Proceedings of the 3rd International Workshop on Distributed Statistical Computing (DSC 2003)},
  address = {{\tt http://www.ci.tuwien.ac.at/Conferences/DSC-2003}}}

@article{TaGa02,
  author = {M. Takatsuka and M. Gahegan}, year = {2002},
  title = {{GeoVISTA Studio}: A {C}odeless {V}isual {P}rogramming
{E}nvironment for {G}eoscientific {D}ata {A}nalysis and {V}isualization},
  journal = {The Journal of Computers and Geosciences},
  volume = {28}, number = {10}, pages = {1131--1144}}

@book{DMK05,Author="Dykes, J. and MacEachren, A.~M. and Kraak,
M.-J.",Year=2005,Title={Exploring
Geovisualization},Publisher="Elsevier",Address="New York"}

@article{Rao48,Author="Rao, C.~R.",Year=1948,Title={The {U}tilization of
{M}ultiple {M}easurements in {P}roblems of {B}iological {C}lassification (with
discussion)}, Journal="Journal of the Royal Statistical Society,
Series B",Volume=10,Pages="159--203"}

@book{Ch95,Author="Chatfield, C.",Year=1995,Title={Problem Solving: A
Statistician's Guide}, Publisher="Chapman and Hall/CRC Press", 
Address="London"}

@article{Wills99, author = "Graham Wills", title = "NicheWorks --
    {I}nteractive {V}isualization of {V}ery {L}arge {G}raphs", year =
    1999, journal = "Journal of Computational and Graphical
    Statistics", volume = 8, number = 2, pages = "190--212" }

@article{HT98,Author={Hofmann, H. and Theus, M.},Year=1998,
Title={Selection {S}equences in {MANET}},Journal={Computational
Statistics},Volume=13,Number=1,Pages="77--87"}

@inproceedings{FWR99, author = {Ying-Huey Fua and Matthew O. Ward and
 Elke A. Rundensteiner}, title = {Hierarchical {P}arallel
 {C}oordinates for {E}xploration of {L}arge {D}atasets}, booktitle =
 {VIS '99: Proceedings of the conference on Visualization '99}, year =
 {1999}, isbn = {0-7803-5897}, pages = {43--50}, location = {San
 Francisco, California, United States}, publisher = {IEEE Computer
 Society Press}, address = {Los Alamitos, CA, USA}, }

@article{Ho03,Author="Hofmann, H.",Year=2003,Title={Constructing and
{R}eading {M}osaicplots},Journal={Computational Statistics and Data
Analysis}, Volume=43, Number=4, Pages="565--580"}

@article{HK84,Author="Hartigan, J. and Kleiner, B.", Year=1984,
Title={A {M}osaic of {T}elevision {R}atings}, Journal={The American
Statistician}, Volume=38, Pages="32--35"}

@inproceedings{HK81,Author="Hartigan, J. A. and Kleiner,
B.",Year=1981, Title={Mosaics for {C}ontingency {T}ables}, booktitle =
{Computer Science and Statistics: Proceedings of the 13th Symposium on
the Interface},publisher = "Interface Foundation of North America,
Inc.", address = "Fairfax Station, VA", Pages="268--273"}

@book{Ho01,Author="Hofmann, H.",Year=2001,Title={Graphical {T}ools for
the {E}xploration of {M}ultivariate {C}ategorical
{D}ata},Publisher="Books on Demand",Address={{\tt http://www.bod.de}}}

@misc{WUHW00,Author="Winkler, S. and Unwin, A. and Hofmann, H. and
Wilhelm, A.~F.~X.",Year=2000,Title={CASSATT: Coordinate Analysing
Statistical Software Applying Tandem Transformations},
HowPublished={{\tt http://rosuda.org/Cassatt/}}}

@article{UVW03, author = {Antony Unwin and Chris Volinsky and Sylvia
 Winkler}, title = {Parallel {C}oordinates for {E}xploratory {M}odelling
 {A}nalysis}, journal = {Comput. Stat. Data Anal.}, volume = {43},
 number = {4}, year = {2003}, issn = {0167-9473}, pages = {553--564},
 doi = {{\tt http://dx.doi.org/10.1016/S0167-9473(02)00292-X}},
 publisher = {Elsevier Science Publishers B. V.}, address =
 {Amsterdam, The Netherlands, The Netherlands} }

@incollection{AB97,
  Author = "Anselin, L. and Bao, S.",
  Year = 1997,
  Title = "{E}xploratory {S}patial {D}ata {A}nalysis {L}inking
    {S}pace{S}tat and {A}rc{V}iew",
  Pages = "35--59",
  Editor = "Fischer, M. M. and Getis, A.",
  Booktitle = "{R}ecent {D}evelopments in {S}patial {A}nalysis",
  Publisher = "Springer", 
  Address = "Berlin"
}

@article{ggvisjcgs, author = "Andreas Buja and Deborah F. Swayne and
  Michael L. Littman and Nathaniel Dean and Heike Hofmann", title =
  {Interactive {D}ata {V}isualization with {M}ultidimensional {S}caling},
  journal = "Journal of Computational and Graphical Statistics (under
  review)", year = 2007, Note=
  {See {\tt http://www-stat.wharton.upenn.edu/$\sim$buja/PAPERS/paper-mds-jcgs.pdf}}}

@article{xgvisjclass,
  author = {Andreas Buja and Deborah F. Swayne},
  title = {Visualization {M}ethodology for {M}ultidimensional {S}caling},
  journal = {Journal of Classification},
  volume = {19},
  number = {1},
  year = {2002},
  pages = {7--43}}

@article{Kr64a, author={J. B. Kruskal}, title = {Multidimensional
  {S}caling by {O}ptimizing {G}oodness of {F}it to a {N}onmetric
  {H}ypothesis}, year = {1964}, journal = {Psychometrika}, volume =
  {29}, pages = {1--27}}

@article{Kr64b, author = {J. B. Kruskal},
  title = {Nonmetric {M}ultidimensional {S}caling: a {N}umerical {M}ethod},
  journal = {Psychometrika}, year = {1964}, volume = {29},
  pages = {115--129}}

@book{KW78, author={J. B. Kruskal and M. Wish},
  title = {Multidimensional {S}caling}, year=1978,
  publisher={Sage Publications}, address={London}}

@article{To52, author={W. S. Torgerson},
  year = {1952},
  title = {Multidimensional {S}caling. 1. {T}heory and {M}ethod}, 
  journal = {Psychometrika}, volume = {17}, pages = {401--419}}

@article{MY94,
author = {McFarlane, M. and Young, F. W.}, year = 1994, 
title = {Graphical {S}ensitivity {A}nalysis for {M}ultidimensional {S}caling},
journal = {Journal of Computational and Graphical Statistics}, 
volume=3, pages={23--33}}

@article{Ro1957,
  author={Rothkopf, E. Z.}, year= 1957, 
  title={A {M}easure of {S}timulus {S}imilarity and {E}rrors in {S}ome 
    {P}aired-associate {L}earning {T}asks},
  journal= {Journal of Experimental Psychology}, volume=53, pages={94--101}}

@article{Sh62,
  author={Shepard, R. N.}, year=1962, 
  title={The {A}nalysis of {P}roximities: {M}ultidimensional {S}caling with an
{U}nknown {D}istance {F}unction, {I} and {II}}, 
  journal={Psychometrika}, volume={27}, 
  pages={125--139 and 219--246}}

@article{Ch73,Author="Chernoff, H.",Year=1973,Title={The {U}se of
{F}aces to {R}epresent {P}oints in $k$-dimensional {S}pace
{G}raphically},Journal={Journal of the American Statistical
Association},volume=68,Pages="361--368"}

@inproceedings{An57,Author="Anderson, E.",Year=1957,Title={A
{S}emigraphical {M}ethod for the {A}nalysis of {C}omplex
{P}roblems},Booktitle={Proceedings of the National Academy of Science,
13},Pages="923--927",Note={Reprinted, with an appended note in
Technometrics (1960), 2, 387--391}}

@article{Fi79,Author="Fienberg, S.~E.",Year=1979,Title={Graphical
{M}ethods in {S}tatistics},Journal="Journal of American Statistical
Association",Volume=33,Number=4,Pages="165--178"}

@ARTICLE{GH92,Author="Glover, D. M. and Hopke, P. K.",Year=1992,
Title="{E}xploration of {M}ultivariate {C}hemical {D}ata by
{P}rojection {P}ursuit", Journal="Chemometrics and Intelligent
Laboratory Systems", Publisher="Elsevier Science
Publishers",Address="Amsterdam",Volume="16",Pages="45--59"}

@ARTICLE{CMSC95,Author="Cook, D. and Majure, J. J. and Symanzik, J. and
		  Cressie, N.",Year=1996, Title="{D}ynamic {G}raphics
		  in a {GIS}: {E}xploring and {A}nalyzing
		  {M}ultivariate {S}patial {D}ata using {L}inked
		  {S}oftware", Journal="Computational Statistics:
		  Special Issue on Computer Aided Analyses of Spatial
		  Data",Volume=11,Number=4,Pages="467--480"}

@Manual{R06,
  title = {R: A Language and Environment for Statistical Computing},
  author = {{R Development Core Team}},
  organization = {R Foundation for Statistical Computing},
  address = {Vienna, Austria},
  year = {2006},
  isbn = {{ISBN} 3-900051-07-0},
  url = {http://www.R-project.org},
}

@article{CHLYNW06,Author="Cook, D. and Hofmann, H. and Lee, E.-K. and
Yang, H. and Nikolau, B. and Wurtele, E.",Year=2007,Title="Exploring
{G}ene {E}xpression {D}ata, {U}sing {P}lots", Journal="Journal of Data
Science",Volume=5,Number=2,Pages="151--182"}

@inproceedings{SCB91, author = "Deborah F. Swayne and Dianne Cook and
    Andreas Buja", title = "{XG}obi: {I}nteractive {D}ynamic
    {G}raphics in the {X} {W}indow {S}ystem with a {L}ink to {S}",
    booktitle = "American Statistical Association 1991 Proceedings of
    the Section on Statistical Graphics", pages = "1--8", publisher =
    "American Statistical Association", address = "Alexandria, VA",
    year = 1992 }

@article{BHM86, author = "Andreas Buja and Catherine Hurley and John
    Alan McDonald", title = "A {D}ata {V}iewer for {M}ultivariate
    {D}ata", journal = "Computing Science and Statistics",
    volume=17,number=1, pages = "171--174", year = 1986 }

@phdthesis{Hurley87,
    author = "Catherine Hurley",
    year = 1987,
    title = "The Data Viewer: An Interactive Program for Data Analysis",
    school = "University of Washington",
    address = "Seattle" }

@article{CPV2003,
 title={Computational {M}ethods for {D}ynamic {G}raphs},
 author={Corinna Cortes and Daryl Pregibon and Chris Volinsky},
 journal={Journal of Computational \& Graphical Statistics},
 year={2003}, volume=12, number=4, pages={950--970}}


@article{DGFFL1989,
  author={E. R. Dickson and P. M. Grambsch and T. R. Fleming and L. D. Fisher and A. Longworthy A},
  title={Prognosis in primary biliary cirrhosis: model for decision making},
  journal={Hepatology},
  year=1989, volume=10, pages={1--7}}

@article{MDGF1989,
  author={BH Markus and ER Dickson and PM Grambsch and TR Fleming and V Mazzaferro and GB Klintmalmd and RH Wiesner and DH Van Thiel and TE Starzl},
  title={Efficiency of liver transplantation in patients with primary biliary cirrhosis},
  journal={New England Journal of Medicine},
  volume=320, pages={1709--1713}, year=1989}

@article{BCGJ1971,
  author={Ballam, J. and Chadwick, G.~B. and Guiragossian, G.~T. and Johnson, W.~B. and Leith, D. W. G. S. and Moriyasu, K.},
  year=1971,
  title={Van hove analysis of the reaction $\pi^-p\longrightarrow
\pi^-\pi^-\pi^+p$ and $\pi^+p\longrightarrow \pi^+\pi^+\pi^-p$ at 16
gev/c$^*$},
  journal={Physics Review D},
  volume=4, number=1, pages={1946--1966}}

@inproceedings{WFMC1998,
  author={X. Wen and S. Fuhrman and G. S. Michaels and D. B. Carr and S. Smith and  J. L. Barker and R. Somogyi},
  year=1998,
  title={Large-Scale Temporal Gene Expression Mapping of Central Nervous System Development},
  booktitle={Proceedings of the National Academy of Science}, 
  volume={95}, pages={334--339}}

@book{HOML,
  author={Boehmke, B. and Greenwell, B.M.},
  title={Hands-On Machine Learning with R (1st ed.)},
  year=2019,
  publisher={Chapman and Hall/CRC},
  doi={10.1201/9780367816377},
  url={https://bradleyboehmke.github.io/HOML/}
}

@Manual{penguins,
  title = {palmerpenguins: Palmer Archipelago (Antarctica) penguin data},
  author = {Allison Marie Horst and Alison Presmanes Hill and Kristen B Gorman},
  year = {2020},
  note = {R package version 0.1.0},
  doi = {10.5281/zenodo.3960218},
  url = {https://allisonhorst.github.io/palmerpenguins/}
}

@book{hennig, 
  doi = {10.1201/b19706}, 
  url = {https://doi.org/10.1201%2Fb19706}, 
  year = 2015, 
  publisher = {Chapman and Hall/{CRC}}, 
  editor = {Christian Hennig and Marina Meila and Fionn Murtagh and Roberto Rocci}, 
  title = {Handbook of Cluster Analysis} 
}

@book{giordani,
  doi = {10.1007/978-981-13-0553-5},
  year = 2020,
  publisher = {Springer Singapore},
  author = {Paolo Giordani and Maria Brigida Ferraro and Francesca Martella},
  title = {An Introduction to Clustering with R}
}  

@book{kassambara,
  author = {Kassambara, Alboukadel},
  publisher = {STHDA},
  title = {Practical Guide to Cluster Analysis in R: Unsupervised Machine Learning},
  year = 2017
}

@misc{ctv-clustering,
  author = {Friedrich Leisch and Bettina Gruen},
  title = {CRAN Task View: Cluster Analysis & Finite Mixture Models},
  year = {2023},
  howpublished = {https://cran.r-project.org/web/views/Cluster.html}
}

@misc{jaxa,
author = {{P-Tree System}},
year = {2020},
title = {{JAXA Himawari Monitor - User's Guide}},
url = {https://www.eorc.jaxa.jp/ptree/userguide.html},
urldate = {2020-05-21}
}

@Manual{R-bomrang,
  author = {Adam H. Sparks and Jonathan Carroll and James Goldie and Dean Marchiori and Paul Melloy and Mark Padgham and Hugh Parsonage and Keith Pembleton},
  title = {{bomrang}: Australian Government Bureau of Meteorology (BOM) Data Client},
  year = {2020},
  note = {R package version 0.7.0},
  url = {https://CRAN.R-project.org/package=bomrang},
}

@misc{wind,
author = {Tim McVicar},
title = {Near-Surface Wind Speed. v10. CSIRO. Data Collection.},
year = {2011},
url = {https://doi.org/10.25919/5c5106acbcb02}
}

@misc{windasos,
author = {{Iowa State University}},
title = {ASOS-AWOS-METAR Data Download},
year = {2020},
url = {https://mesonet.agron.iastate.edu/request/download.phtml?network=AU__ASOS}
}

@misc{forest,
author = {{Australian Bureau of Agricultural and Resource Economics and Sciences}},
orginization = {{Australian Bureau of Agricultural and Resource Economics and Sciences}},
year = {2018},
title = {{Forests of Australia}},
url = {https://www.agriculture.gov.au/abares/forestsaustralia/forest-data-maps-and-tools/spatial-data/forest-cover},
urldate = {2020-05-21}
}

@misc{OpenStreetMap,
   author = {{OpenStreetMap contributors}},
   title = {{Planet dump retrieved from https://planet.osm.org }},
   howpublished = "\url{ https://www.openstreetmap.org }",
   year = {2020},
 }
 
@misc{recreation,
  author = {{Department of Environment, Land, Water \& Planning}},
  title = {{Recreation Sites}},
  year = {{2020}},
  url = {https://discover.data.vic.gov.au/dataset/recreation-sites},
  urldate = {2020-05-21}
}

@misc{cfa,
author = {{Department of Environment, Land, Water \& Planning}},
title = {{CFA - Fire Station}},
year = {{2020}},
url = {https://discover.data.vic.gov.au/dataset/cfa-fire-station-vmfeat-geomark_point},
urldate = {2020-05-21}
}

@misc{fireorigin,
author = {{Department of Environment, Land, Water \& Planning}},
year = {2019},
title = {{Fire Origins - Current and Historical}},
url = {https://discover.data.vic.gov.au/dataset/fire-origins-current-and-historical},
urldate = {2020-05-21}
}
