@Book{xie2015,
  title = {Dynamic Documents with {R} and knitr},
  author = {Yihui Xie},
  publisher = {Chapman and Hall/CRC},
  address = {Boca Raton, Florida},
  year = {2015},
  edition = {2nd},
  note = {ISBN 978-1498716963},
  url = {http://yihui.org/knitr/},
}

@misc{TukeyTukey90,
	author = "Tukey, J.~W. and Tukey, P.",
	title = "Strips {D}isplaying {E}mpirical {D}istributions: 
      I. {T}extured {D}ot {S}trips",
	year = 1990,
	howpublished = "Bellcore Technical Memorandum" }

@book{Scott92, author = "David W Scott", title = "Multivariate
 {D}ensity {E}stimation: {T}heory, {P}ractice, and {V}isualization",
 publisher="John Wiley \& Sons", address="New York", year = 1992}

@INPROCEEDINGS{BMMS91,Author="Buja,~A. and McDonald,~J.~A. and Michalak,~J.
and Stuetzle,~W.",Year=1991, Title="{I}nteractive {D}ata {V}isualization using
{F}ocusing and {L}inking", Editor="Nielson, G. M. and Rosenblum, L.",
Booktitle="{P}roceedings of {V}isualization '91", Publisher="IEEE Computer
Society Press",Address="Los Alamitos, CA", Pages="156--162"}
 
@BOOK{BS95,Author="Bryant, P. G. and Smith, M. A.",
  Year=1995,Title="Practical {D}ata {A}nalysis:
  {C}ase {S}tudies in {B}usiness
  {S}tatistics",Publisher="Richard D. Irwin
  Publishing",Address="Homewood, IL"}

@INCOLLECTION{FALT83, Author="Forina, M. and Armanino, C. and Lanteri,
  S. and Tiscornia, E.", Title="Classification of {O}live {O}ils from
  their {F}atty {A}cid {C}omposition",
  Pages="189--214",Editor="Martens, H. and Russwurm Jr.,
  H.",Year=1983, Booktitle="{F}ood {R}esearch and {D}ata {A}nalysis",
  Publisher="Applied Science Publishers",Address="London"}

@BOOK{MR83,Editor="Martens, H. and Russwurm Jr., H.",Year=1983,
Booktitle="{F}ood {R}esearch and {D}ata {A}nalysis",
Publisher="Applied Science Publishers",Address="London"}

@ARTICLE{CM74,Author="Campbell, N. A. and Mahon,
		  R. J.",Year=1974,Title="A {M}ultivariate {S}tudy of
		  {V}ariation in {T}wo {S}pecies of {R}ock {C}rab of
		  genus {\em Leptograpsus}",Journal="Australian
		  Journal of Zoology",Volume=22, Pages="417--425"}

@ARTICLE{CJKLQ97,Author="Colvin, T. S. and Jaynes, D. B. and Karlen,
D. L. and Laird, D. A. and Ambuel, J. R.",Year=1997,Title="Yield
Variability within a Central Iowa Field",Journal="Transactions of the
ASAE",Volume=40, Pages="883--889"}

@ARTICLE{Lu62,Author="Lubischew, A. A.",Year=1962,
Title="{O}n the {U}se of {D}iscriminant {F}unctions in {T}axonomy",
Journal="Biometrics",Volume="18",Pages="455--477"}

@INCOLLECTION{Jo99,Author={Joachims, T.},Year=1999, title={Making
  {L}arge-{S}cale {SVM} {L}earning {P}ractical}, booktitle={Advances
  in Kernel Methods-Support Vector Learning}, Editor="Sch{\"{o}}lkopf,
  B. and Burges, C. and Smola, A.",Publisher={MIT
  Press},Address={Cambridge, MA}}

@BOOK{SBS99,Editor="Sch{\"{o}}lkopf, B. and Burges, C. and Smola, A.",
Year=1999,BookTitle={Advances in Kernel Methods-Support Vector Learning},
Publisher={MIT Press}}

@inproceedings{BGV92, author = {Bernhard E. Boser and Isabelle
 M. Guyon and Vladimir N. Vapnik}, title = {A {T}raining {A}lgorithm
 for {O}ptimal {M}argin {C}lassifiers}, booktitle = {COLT '92:
 Proceedings of the Fifth Annual Workshop on Computational Learning
 Theory}, year = {1992}, isbn = {0-89791-497-X}, pages = {144--152},
 location = {Pittsburgh, Pennsylvania, United States}, doi =
 {http://doi.acm.org/10.1145/130385.130401}, publisher = {ACM Press},
 address = {New York}, }

@ARTICLE{DFS02,Author="Dudoit, S. and Fridlyand, J. and Speed, T.",
Year="2002",Title="Comparison on {D}iscrimination {M}ethods for the
{C}lassification of {T}umors {U}sing {G}ene {E}xpression
{D}ata",Journal="Journal of the American Statistical
Association",Volume=97,Pages="77--87"}

@inProceedings{PB03, author = "T. Prvan and A. W. Bowman", title =
"Nonparametric time dependent principal components analysis.", journal
= "ANZIAM J.", volume = "44", pages = "C627--C643", year = 2003,
booktitle = "Proc. of 10th Computational Techniques and Applications
Conference CTAC-2001", editor = "K. Burrage and Roger B. Sidje", month
= apr, note = "{\tt http://anziamj.austms.org.au/V44/CTAC2001/Prva}
[April 1, 2003]", keywords = "principal component analysis,
nonparametric time dependent, data mining, aircraft development data",
}

@ARTICLE{BW00,Author="Bowman, A.~W. and Wright,
E.~M.",Year="2000",Title="Graphical {E}xploration of {C}ovariate
{E}ffects on {S}urvival {D}ata {T}hrough {N}onparametric {Q}uantile
{C}urves",Journal="Biometrics",Volume="56",Pages="563--570"}

@BOOK{EC00,Author="Elder, J.~J. and Conger,
R.~D.",Year="2000",Title="Children of the {L}and",Publisher="The
University of Chicago Press", Address="Chicago"}


@TECHREPORT{Mo89,Author="Morton, S. C.",Year=1989,
Title="{I}nterpretable {P}rojection {P}ursuit",Number="106",
Institution="Laboratory for Computational Statistics, Stanford University"}

@ARTICLE{Ha89,Author="Hall, P.",Year=1989,
Title="{P}olynomial {P}rojection {P}ursuit",
Journal="Annals of Statistics",Volume="17",Pages="589--605"}

@Manual{CL01,
  author =	 {Chih-Chung Chang and Chih-Jen Lin},
  title =	 {{LIBSVM}: a library for support vector machines},
  year =	 {2001},
  note =	 {Software available at \url{http://www.csie.ntu.edu.tw/~cjlin/libsvm}}
}

@BOOK{LR87,Author="Little, R.~J.~A. and Rubin,
D.~B.",Year=1987,Title="Statistical {A}nalysis with {M}issing
{D}ata", publisher="John Wiley \& Sons", address="New York"}

@BOOK{Sh97,Author="Schafer, J.~L.",Year=1997,Title="Analysis of
{I}ncomplete {M}ultivariate {D}ata",Publisher="Chapman and
Hall",Address="London"}

@MISC{NS06,Author="Novo, A.~A. and Schafer, J.",Year=2006,title="{\tt
norm}: Analysis of {M}ultivariate {N}ormal {D}atasets with {M}issing
{V}alues",HowPublished="{\tt http://www.R-project.org}"}

@MISC{Ha06,Author="Dupont, C. and Harrell,
F.~E.",Year=2006,title="{\tt Hmisc}: {H}arrell
{M}iscellaneous",HowPublished="{\tt http://www.R-project.org}"}

@MISC{statlib, 
 Author="Vlachos, Pantelis", Year=2006,
 Title="Stat{L}ib: {D}ata, {S}oftware and {N}ews from the {S}tatistics {C}ommunity", 
 HowPublished="{\tt http://lib.stat.cmu.edu/datasets/}"}

@BOOK{FH91,Author="Fleming, T.~R. and Harrington,
D.~P.",Year=1991,Title="Counting {P}rocesses and {S}urvival {A}nalysis",
publisher="John Wiley \& Sons", address="New York"}

@MISC{BioC06,Author="Bioconductor",Year=2006,title="{O}pen {S}ource
{S}oftware for {B}ioinformatics",HowPublished="{\tt
http://www.bioconductor.org}"}

@MISC{Ligges06,Author="Ligges, U.", Year=2006, 
 title="{\tt tuneR}: {A}nalysis of {M}usic", 
 HowPublished="{\tt http://www.R-project.org}"}

@article{GanNor00, author = "Emden R. Gansner and Stephen C. North",
    title = "An {O}pen {G}raph {V}isualization {S}ystem and its
    {A}pplications to {S}oftware {E}ngineering", journal = "Soft\-ware ---
    Prac\-tice and Experience", volume = "30", number = "11", pages =
    "1203--1233", year = "2000"}

@book{DiBETT98, title = "Graph Drawing: Algorithms for the
 Visualization of Graphs", author = "Giuseppe {Di Battista} and Peter
 Eades and Roberto Tamassia and Ioannis G. Tollis", publisher =
 "Prentice Hall", Address="Englewood Cliffs, NJ",year = "1998"}

@article{BatTam94,
  author = "Giuseppe {Di Battista} and Peter Eades and Roberto Tamassia and Ioannis Tollis",
  title = "Algorithms for drawing graphs: an annotated bibliography",
  journal = "Computational Geometry: Theory and Applications",
  volume = "4",
  pages = "235--282", 
  year = "1994"}

@book{Wasserman94,
  title = "Social Network Analysis: Methods and Applications",
  author = "Stanley Wasserman and Katherine Faust",
  publisher = "Cambridge University Press",
  Address={Cambridge},
  year = "1994"
}

@article{Padgett93,
  title = "Robust {A}ction and the {R}ise of the {M}edici, 1400-1434",
  author = "John F. Padgett and Christopher K. Ansell",
  journal = "American Journal of Sociology", 
  volume = "98",
  pages = "1259--1319", 
  year = "1993"
}

@article{BreigerPattison86,
  title = "Cumulated {S}ocial {R}oles: The {D}uality of {P}ersons and their {A}lgebras",
  year = "1986",
  author = "R. Breiger and P. Pattison",
  journal = "Social Networks", 
  volume = "8", pages = "215--256"}

@book{Kent78,
  title = "The {R}ise of the {M}edici: {F}action in {F}lorence, 1426-1434",
  author = "D. Kent",
  year = "1978",
  publisher = "Oxford University Press",
  address = "Oxford, UK"}

@MISC{SNAData,Author="Denise Scholtens",Year=2006,title="{SNAD}ata",
HowPublished="{\tt http://www.bioconductor.org}"}

@misc{SYSTAT84,
 title = {{SYSTAT}: The {S}ystem for {S}tatistics},
 author = {Wilkinson, Leland},
 year = {1984},
 howpublished = {SYSTAT, Inc., Evanston, IL}}

@misc{SPSS68,
 title = {{SPSS}: {S}tatistical {P}ackage for the {S}ocial {S}ciences},
 author = {Nie, H. H. and Jenkins, J. G. and Steinbrenner, K. and Bent, D. H.},
 year = {1975}, howpublished = {SPSS, Inc., Chicago, IL}}

@inproceedings{FWR99, author = {Ying-Huey Fua and Matthew O. Ward and
 Elke A. Rundensteiner}, title = {Hierarchical {P}arallel
 {C}oordinates for {E}xploration of {L}arge {D}atasets}, booktitle =
 {VIS '99: Proceedings of the conference on Visualization '99}, year =
 {1999}, isbn = {0-7803-5897}, pages = {43--50}, location = {San
 Francisco, California, United States}, publisher = {IEEE Computer
 Society Press}, address = {Los Alamitos, CA, USA}, }

@misc{WUHW00,Author="Winkler, S. and Unwin, A. and Hofmann, H. and
Wilhelm, A.~F.~X.",Year=2000,Title={CASSATT: Coordinate Analysing
Statistical Software Applying Tandem Transformations},
HowPublished={{\tt http://rosuda.org/Cassatt/}}}

@article{DGFFL1989,
  author={E. R. Dickson and P. M. Grambsch and T. R. Fleming and L. D. Fisher and A. Longworthy A},
  title={Prognosis in primary biliary cirrhosis: model for decision making},
  journal={Hepatology},
  year=1989, volume=10, pages={1--7}}

@article{MDGF1989,
  author={BH Markus and ER Dickson and PM Grambsch and TR Fleming and V Mazzaferro and GB Klintmalmd and RH Wiesner and DH Van Thiel and TE Starzl},
  title={Efficiency of liver transplantation in patients with primary biliary cirrhosis},
  journal={New England Journal of Medicine},
  volume=320, pages={1709--1713}, year=1989}

@article{BCGJ1971,
  author={Ballam, J. and Chadwick, G.~B. and Guiragossian, G.~T. and Johnson, W.~B. and Leith, D. W. G. S. and Moriyasu, K.},
  year=1971,
  title={Van hove analysis of the reaction $\pi^-p\longrightarrow
\pi^-\pi^-\pi^+p$ and $\pi^+p\longrightarrow \pi^+\pi^+\pi^-p$ at 16
gev/c$^*$},
  journal={Physics Review D},
  volume=4, number=1, pages={1946--1966}}

@inproceedings{WFMC1998,
  author={X. Wen and S. Fuhrman and G. S. Michaels and D. B. Carr and S. Smith and  J. L. Barker and R. Somogyi},
  year=1998,
  title={Large-Scale Temporal Gene Expression Mapping of Central Nervous System Development},
  booktitle={Proceedings of the National Academy of Science}, 
  volume={95}, pages={334--339}}

